<?xml version="1.0" encoding="utf-8"?>
<record xmlns="http://www.loc.gov/MARC21/slim" xmlns:xsi="http://www.w3.org/2001/XMLSchema-instance" xsi:schemaLocation="http://www.loc.gov/MARC21/slim http://www.loc.gov/standards/marcxml/schema/MARC21slim.xsd">
	<leader>     nam a22     Mi 4500</leader>
	<controlfield tag="001">b12676457</controlfield>
	<controlfield tag="003">UaCaAUL</controlfield>
	<controlfield tag="006">m        d        </controlfield>
	<controlfield tag="007">cr cn |||m|||a</controlfield>
	<controlfield tag="008">191001s1913    ua      ob    000 0 ara d</controlfield>
	<datafield ind1=" " ind2=" " tag="040">
		<subfield code="a">ZYU</subfield>
		<subfield code="b">ara</subfield>
		<subfield code="e">rda</subfield>
		<subfield code="c">ZYU</subfield>
	</datafield>
	<datafield ind1=" " ind2=" " tag="090">
		<subfield code="a">HN15</subfield>
		<subfield code="b">.L3612 1913</subfield>
	</datafield>
	<datafield ind1="1" ind2=" " tag="100">
		<subfield code="a">Le Bon, Gustave,</subfield>
		<subfield code="d">1841-1931,</subfield>
		<subfield code="e">author.</subfield>
	</datafield>
	<datafield ind1="1" ind2="0" tag="240">
		<subfield code="a">Lois psychologiques de l'évolution des peuples.</subfield>
		<subfield code="l">Arabic</subfield>
	</datafield>
	<datafield ind1="1" ind2="0" tag="245">
		<subfield code="6">880-01</subfield>
		<subfield code="a">Sirr taṭawwur al-umam /</subfield>
		<subfield code="c">taʼlīf al-duktūr Jūstāv Lūbūn, tarjamahu min al-lughah al-Faransāwīyah Aḥmad Fatḥī Zaghlūl bāshā, wakīl Niẓārat al-Ḥaqqānīyah.</subfield>
	</datafield>
	<datafield ind1=" " ind2="1" tag="264">
		<subfield code="6">880-02</subfield>
		<subfield code="a">Miṣr :</subfield>
		<subfield code="b">Maṭbaʻat al-Maʻārif,</subfield>
		<subfield code="c">1913.</subfield>
	</datafield>
	<datafield ind1=" " ind2=" " tag="300">
		<subfield code="a">online resource (219 pages)</subfield>
	</datafield>
	<datafield ind1=" " ind2=" " tag="336">
		<subfield code="a">text</subfield>
		<subfield code="2">rdacontent</subfield>
	</datafield>
	<datafield ind1=" " ind2=" " tag="337">
		<subfield code="a">computer</subfield>
		<subfield code="2">rdamedia</subfield>
	</datafield>
	<datafield ind1=" " ind2=" " tag="338">
		<subfield code="a">online resource</subfield>
		<subfield code="2">rdacarrier</subfield>
	</datafield>
	<datafield ind1=" " ind2=" " tag="500">
		<subfield code="6">880-03</subfield>
		<subfield code="a">Yuṭlab min multazim ṭabʻihi wa-nashrihi Najīb Mitrī ṣāḥib Maṭbaʻat al-Maʻārif ea-Maktabatuhā bi-Miṣr.</subfield>
	</datafield>
	<datafield ind1=" " ind2=" " tag="500">
		<subfield code="a">Part of the Arabic Collections Online (ACO) project, contributed by American University in Cairo Library.</subfield>
	</datafield>
	<datafield ind1=" " ind2=" " tag="504">
		<subfield code="a">Includes bibliographical references,</subfield>
	</datafield>
	<datafield ind1=" " ind2=" " tag="533">
		<subfield code="a">Electronic reproduction.</subfield>
		<subfield code="b">New York, N.Y. :</subfield>
		<subfield code="c">New York University,</subfield>
		<subfield code="d">2019.</subfield>
		<subfield code="5">NNU</subfield>
	</datafield>
	<datafield ind1=" " ind2="0" tag="650">
		<subfield code="a">Ethnopsychology.</subfield>
	</datafield>
	<datafield ind1=" " ind2="0" tag="650">
		<subfield code="a">Social psychology.</subfield>
	</datafield>
	<datafield ind1=" " ind2="7" tag="650">
		<subfield code="a">Ethnopsychology.</subfield>
		<subfield code="2">fast</subfield>
		<subfield code="0">(OCoLC)fst00916198</subfield>
	</datafield>
	<datafield ind1=" " ind2="7" tag="650">
		<subfield code="a">Social psychology.</subfield>
		<subfield code="2">fast</subfield>
		<subfield code="0">(OCoLC)fst01122816</subfield>
	</datafield>
	<datafield ind1="1" ind2=" " tag="700">
		<subfield code="6">880-04</subfield>
		<subfield code="a">Zaghlūl, Aḥmad Fatḥī,</subfield>
		<subfield code="d">1863-1914,</subfield>
		<subfield code="e">translator.</subfield>
	</datafield>
	<datafield ind1="2" ind2=" " tag="710">
		<subfield code="a">American University in Cairo.</subfield>
		<subfield code="b">Library.</subfield>
	</datafield>
	<datafield ind1="0" ind2=" " tag="730">
		<subfield code="a">Arabic Collections Online.</subfield>
	</datafield>
	<datafield ind1="0" ind2="8" tag="776">
		<subfield code="i">Online version:</subfield>
		<subfield code="a">Le Bon, Gustave, 1841-1931.</subfield>
		<subfield code="s">Lois psychologiques de l'évolution des peuples. Arabic.</subfield>
		<subfield code="t">Sirr taṭawwur al-umam</subfield>
		<subfield code="w">(OCoLC)1114738259</subfield>
	</datafield>
	<datafield ind1="0" ind2="8" tag="776">
		<subfield code="i">Print version:</subfield>
		<subfield code="a">Le Bon, Gustave, 1841-1931, author.</subfield>
		<subfield code="t">Sirr taṭawwur al-umam</subfield>
		<subfield code="w">(UaCaAUL)b12676457</subfield>
		<subfield code="w">(OCoLC)60498537</subfield>
	</datafield>
	<datafield ind1="4" ind2="0" tag="856">
		<subfield code="u">http://hdl.handle.net/2333.1/w3r22hzv</subfield>
	</datafield>
	<datafield ind1="1" ind2="0" tag="880">
		<subfield code="6">245-01</subfield>
		<subfield code="a">سر تطور الأمم /</subfield>
		<subfield code="c">تأليف الدكتور جوستاڤ لوبون، ترجمه من اللغة الفرنساوية أحمد فتحي زغلول باشا، وكيل نظارة الحقانية.</subfield>
	</datafield>
	<datafield ind1=" " ind2="1" tag="880">
		<subfield code="6">264-02</subfield>
		<subfield code="a">مصر :</subfield>
		<subfield code="b">مطبعة المعارف،</subfield>
		<subfield code="c">1913.</subfield>
	</datafield>
	<datafield ind1=" " ind2=" " tag="880">
		<subfield code="6">500-03</subfield>
		<subfield code="a">يطلب من ملتزم طبعه ونشره نجيب متري صاحب مطبعة المعارف مكتبتها بمصر.</subfield>
	</datafield>
	<datafield ind1="1" ind2=" " tag="880">
		<subfield code="6">700-04</subfield>
		<subfield code="a">زغلول، أحمد فتحي،</subfield>
		<subfield code="d">1863-1914.</subfield>
	</datafield>
	<datafield ind1=" " ind2=" " tag="959">
		<subfield code="a">NNU</subfield>
		<subfield code="b">WEB</subfield>
		<subfield code="c">GENI</subfield>
		<subfield code="t">0</subfield>
		<subfield code="m">Electronic access</subfield>
		<subfield code="s">01</subfield>
	</datafield>
	<datafield ind1=" " ind2=" " tag="999">
		<subfield code="i">UaCaAUL_b12676457</subfield>
		<subfield code="o">(OCoLC)ocm60498537 </subfield>
		<subfield code="s">auc_aco000694</subfield>
		<subfield code="e">(ERROR-880)</subfield>
	</datafield>
</record>
